@article{2013Planck,
  doi = {10.1051/0004-6361/201321529},
  year  = {2014},
  month = {Oct},
  publisher = {{EDP} Sciences},
  volume = {571},
  author = {Planck Collaboration et {A}l.},
  title = {Planck 2013 results. {O}verview of products and scientific results},
  journal = {Astronomy {\&} Astrophysics}
}

@article{WMAP,
  doi = {10.1088/0067-0049/192/2/18},
  year  = {2011},
  month = {Jan},
  publisher = {{IOP} Publishing},
  volume = {192},
  author = {E. Komatsu et al.},
  title = {Seven-{Y}ear {W}ilkinson {M}icrowave {A}nisotropy {P}robe ({WMAP}) {O}bservations: {C}osmological {I}nterpretation},
  journal = {The Astrophysical Journal Supplement Series}
}

@techreport{LZTDR,
  title={LUX-{Z}EPLIN ({LZ}) {T}echnical {D}esign {R}eport},
  author={B. J. Mount et {A}l.},
  year={2017},
  month={Mar}
}

@article{DirectDetection2015,
  doi = {10.1088/0954-3899/43/1/013001},
  year = {2015},
  month = {Dec},
  publisher = {{IOP} Publishing},
  volume = {43},
  author = {Teresa Marrod{\'{a}}n Undagoitia and Ludwig Rauch},
  title = {Dark matter direct-detection experiments},
  journal = {Journal of Physics G: Nuclear and Particle Physics}
}

@article {LCDMparam,
	author = {Spergel, David N.},
	title = {The dark side of cosmology: Dark matter and dark energy},
	volume = {347},
	number = {6226},
	pages = {1100--1102},
	year = {2015},
	doi = {10.1126/science.aaa0980},
	publisher = {American Association for the Advancement of Science},
	journal = {Science}
}

@article{GravLens,
  doi = {10.1086/187670},
  year = {1994},
  month = dec,
  publisher = {{IOP} Publishing},
  volume = {437},
  pages = {L9},
  author = {Renyue Cen and Jordi Miralda-Escude and Jeremiah P. Ostriker and Michael Rauch},
  title = {Gravitational collapse of small-scale structure as the origin of the Lyman-alpha forest},
  journal = {The Astrophysical Journal}
}

@article{Zwicky1933,
  year = {2008},
  month = nov,
  publisher = {Springer Nature},
  volume = {41},
  number = {1},
  pages = {207--224},
  author = {F. Zwicky},
  title = {Republication of: The red shift of extra-galactic nebulae},
  journal = {General Relativity and Gravitation}
}

@article{Rubin,
  year = {1978},
  month = nov,
  publisher = {{IOP} Publishing},
  volume = {225},
  pages = {L107},
  author = {V. C. Rubin and N. Thonnard and W. K.,  Jr. Ford},
  title = {Extended rotation curves of high-luminosity spiral galaxies. {IV} - Systematic dynamical properties,  {SA} through {SC}},
  journal = {The Astrophysical Journal}
}

@article{TeVeS,
  year = {2004},
  month = oct,
  publisher = {American Physical Society ({APS})},
  volume = {70},
  number = {8},
  author = {Jacob D. Bekenstein},
  title = {Relativistic gravitation theory for the modified Newtonian dynamics paradigm},
  journal = {Physical Review D}
}

@article{MOND,
  year = {1983},
  month = jul,
  publisher = {{IOP} Publishing},
  volume = {270},
  pages = {365},
  author = {M. Milgrom},
  title = {A modification of the Newtonian dynamics as a possible alternative to the hidden mass hypothesis},
  journal = {The Astrophysical Journal}
}

@article{MicroLens,
  year = {2000},
  month = oct,
  publisher = {{IOP} Publishing},
  volume = {542},
  number = {1},
  pages = {281--307},
  author = {et al, C. Alcock,},
  title = {The {MACHO} Project: Microlensing Results from 5.7 Years of Large Magellanic Cloud Observations},
  journal = {The Astrophysical Journal}
}

@article{BBN,
  year = {2009},
  month = mar,
  publisher = {Elsevier {BV}},
  volume = {472},
  number = {1-6},
  pages = {1--76},
  author = {Fabio Iocco and Gianpiero Mangano and Gennaro Miele and Ofelia Pisanti and Pasquale D. Serpico},
  title = {Primordial nucleosynthesis: From precision cosmology to fundamental physics},
  journal = {Physics Reports}
}

@article{DMProd,
Author = {Graciela Gelmini and Paolo Gondolo},
Title = {DM production mechanisms},
Year = {2010},
Eprint = {arXiv:1009.3690},
Howpublished = {From 'Particle Dark Matter: Observations, Models and Searches',
  edited by G. Bertone (Cambridge U. Press, Cambridge 2010) Chap.7, p.121-141},
}

@article{ConsvCP,
  title = {$\mathrm{CP}$ Conservation in the Presence of Pseudoparticles},
  author = {Peccei, R. D. and Quinn, Helen R.},
  journal = {Phys. Rev. Lett.},
  volume = {38},
  issue = {25},
  pages = {1440--1443},
  numpages = {0},
  year = {1977},
  month = {Jun},
  publisher = {American Physical Society},
}

@article{NeutronDi,
  title = {Improved Experimental Limit on the Electric Dipole Moment of the Neutron},
  author = {Baker, C. A. and Doyle, D. D. and Geltenbort, P. and Green, K. and van der Grinten, M. G. D. and Harris, P. G. and Iaydjiev, P. and Ivanov, S. N. and May, D. J. R. and Pendlebury, J. M. and Richardson, J. D. and Shiers, D. and Smith, K. F.},
  journal = {Phys. Rev. Lett.},
  volume = {97},
  issue = {13},
  pages = {131801},
  numpages = {4},
  year = {2006},
  month = {Sep},
  publisher = {American Physical Society},
}

@article{InvisAx,
  title = {Experimental Tests of the "Invisible" Axion},
  author = {Sikivie, P.},
  journal = {Phys. Rev. Lett.},
  volume = {51},
  issue = {16},
  pages = {1415--1417},
  numpages = {0},
  year = {1983},
  month = {Oct},
  publisher = {American Physical Society},
}

@article{DMCandidates,
Author = {Gianfranco Bertone and Dan Hooper and Joseph Silk},
Title = {Particle Dark Matter: Evidence, Candidates and Constraints},
Year = {2004},
Eprint = {arXiv:hep-ph/0404175},
Howpublished = {Phys.Rept.405:279-390,2005},
}

@article{LZIntro,
  doi = {10.1088/1742-6596/718/4/042039},
  year = {2016},
  month = may,
  publisher = {{IOP} Publishing},
  volume = {718},
  pages = {042039},
  author = {D N McKinsey and},
  title = {The {LZ} dark matter experiment},
  journal = {Journal of Physics: Conference Series}
}

@misc{DMUCL, 
    title={UCL - Dark Matter}, 
    url={http://www.hep.ucl.ac.uk/darkMatter/}, 
    journal={UCL Dark Matter}, 
    author={Ghag, Chamkaur}
}

@misc{Planck2018,
Author = {Planck Collaboration},
Title = {Planck 2018 results. VI. Cosmological parameters},
Year = {2018},
Eprint = {arXiv:1807.06209},
}

@misc{IgnitionWeb, 
title={Ignition}, 
url={https://inductiveautomation.com/}, 
journal={Industrial Automation Software Solutions by Inductive Automation}}

@misc{SURF, 
title={SURF - Sanford Underground Research Facility}, 
url={https://sanfordlab.org/}, 
journal={Sanford Underground Research Facility}}

@article{Einstin1936,
 ISSN = {00368075, 10959203},
 URL = {http://www.jstor.org/stable/1663250},
 author = {Albert Einstein},
 journal = {Science},
 number = {2188},
 pages = {506--507},
 publisher = {American Association for the Advancement of Science},
 title = {Lens-Like Action of a Star by the Deviation of Light in the Gravitational Field},
 volume = {84},
 year = {1936}
}

@ARTICLE{RotationCurves,
   author = {{Babcock}, H.~W.},
    title = "{The rotation of the Andromeda Nebula}",
  journal = {Lick Observatory Bulletin},
 keywords = {ANDROMEDA GALAXY},
     year = 1939,
   volume = 19,
    pages = {41-51},
      doi = {10.5479/ADS/bib/1939LicOB.19.41B},
   adsurl = {https://ui.adsabs.harvard.edu/abs/1939LicOB..19...41B},
  adsnote = {Provided by the SAO/NASA Astrophysics Data System}
}

@ARTICLE{Oort1940,
    author = {{Oort}, J.~H.},
    title = "{Some Problems Concerning the Structure and Dynamics of the Galactic System and the Elliptical Nebulae NGC 3115 and 4494.}",
    journal = {\apj},
    year = 1940,
    month = apr,
    volume = 91,
    pages = {273},
    doi = {10.1086/144167},
}

@article{Zwicky1937,
  title = {Nebulae as Gravitational Lenses},
  author = {Zwicky, F.},
  journal = {Phys. Rev.},
  volume = {51},
  issue = {4},
  pages = {290--290},
  numpages = {0},
  year = {1937},
  month = {Feb},
  publisher = {American Physical Society},
  doi = {10.1103/PhysRev.51.290},
  url = {https://link.aps.org/doi/10.1103/PhysRev.51.290}
}

@misc{LUX, 
    title={LUX Dark Matter Collaboration}, 
    url={http://luxdarkmatter.org/}, 
    journal={LUX Dark Matter Collaboration}
}

@misc{WIMPsense,
Author = {D. S. Akerib, et. Al},
Title = {Projected WIMP sensitivity of the LUX-ZEPLIN (LZ) dark matter experiment},
Year = {2018},
Eprint = {arXiv:1802.06039},
}

@misc{DRS4, 
    title={DRS4 Evaluation Board}, url={https://www.psi.ch/en/drs/evaluation-board}, 
    journal={Paul Scherrer Institut (PSI)}
}